%% This BibTeX bibliography file was created using BibDesk.
%% http://bibdesk.sourceforge.net/

%% Created for Ricardo Martins at 2017-03-16 14:08:32 +0000 


%% Saved with string encoding Unicode (UTF-8) 



@url{opentagging,
	Author = {OpenStreetMap},
	Date-Added = {2017-03-16 14:08:04 +0000},
	Date-Modified = {2017-04-12 18:21:11 +0000},
	Note = {Last visited on 12-04-2017},
	Read = {0},
	Title = {Simple Indoor Tagging},
	Url = {http://wiki.openstreetmap.org/wiki/Simple_Indoor_Tagging},
}

@url{openlevel,
	Author = {OpenStreetMap},
	Date-Added = {2017-03-16 14:08:18 +0000},
	Date-Modified = {2017-04-12 18:20:40 +0000},
	Note = {Last visited on 12-04-2017},
	Title = {OpenLevelUp},
	Url = {http://wiki.openstreetmap.org/wiki/OpenLevelUp},
	Bdsk-Url-1 = {http://wiki.openstreetmap.org/wiki/OpenLevelUp}
}

@url{meridian,
	Author = {Meridian},
	Date-Added = {2017-03-16 14:07:46 +0000},
	Date-Modified = {2017-04-12 18:19:18 +0000},
	Note = {Last visited on 12-04-2017},
	Title = {Build a better mobile app for your venue.},
	Url = {http://meridianapps.com},
	Bdsk-Url-1 = {http://meridianapps.com}}

@url{googlemaps,
	Author = {Google},
	Date-Added = {2017-03-16 14:06:56 +0000},
	Date-Modified = {2017-04-12 18:11:30 +0000},
	Note = {Last visited on 12-04-2017},
	Title = {Google Maps Indoor},
	Url = {https://www.google.com/maps/about/partners/indoormaps/},
	Bdsk-Url-1 = {https://www.google.com/maps/about/partners/indoormaps/}}


@inproceedings{cricket1,
	author = {Priyantha, Nissanka B. and Chakraborty, Anit and Balakrishnan, Hari},
	title = {The Cricket Location-support System},
	booktitle = {Proceedings of the 6th Annual International Conference on Mobile Computing and Networking},
	series = {MobiCom '00},
	year = {2000},
	isbn = {1-58113-197-6},
	location = {Boston, Massachusetts, USA},
	pages = {32--43},
	numpages = {12},
	url = {http://doi.acm.org/10.1145/345910.345917},
	doi = {10.1145/345910.345917},
	acmid = {345917},
	publisher = {ACM},
	address = {New York, NY, USA},
} 

@mastersthesis{surveythesis,
	Author = {Rainer Mautz},
	Date-Added = {2017-02-17 14:03:41 +0000},
	Date-Modified = {2017-02-17 14:04:45 +0000},
	Month = {February},
	School = {ETH Zurich},
	Title = {Indoor Positioning Technologies},
	Year = {2012}
}

@INPROCEEDINGS{survey3, 
	author={K. Al Nuaimi and H. Kamel}, 
	booktitle={2011 International Conference on Innovations in Information Technology}, 
	title={A survey of indoor positioning systems and algorithms}, 
	year={2011}, 
	pages={185-190}, 
	keywords={navigation;global positioning system;indoor positioning system;object tracking;positioning algorithm;sensor network;wireless positioning technology;Accuracy;Acoustics;Base stations;Buildings;Dead reckoning;Global Positioning System;Three dimensional displays;Indoor Positioning;Object Tracking;Positioning Algorithms;Sensor Networks;Wireless Positioning Technologies}, 
	doi={10.1109/INNOVATIONS.2011.5893813}, 
	month={April},
}

@inproceedings{epsilon,
	Acmid = {2616479},
	Address = {Berkeley, CA, USA},
	Author = {Li, Liqun and Hu, Pan and Peng, Chunyi and Shen, Guobin and Zhao, Feng},
	Booktitle = {Proceedings of the 11th USENIX Conference on Networked Systems Design and Implementation},
	Isbn = {978-1-931971-09-6},
	Location = {Seattle, WA},
	Numpages = {13},
	Pages = {331--343},
	Publisher = {USENIX Association},
	Series = {NSDI'14},
	Title = {Epsilon: A Visible Light Based Positioning System},
	Url = {http://dl.acm.org/citation.cfm?id=2616448.2616479},
	Year = {2014},
}

@article{ibeacon1,
	Author = {Jingjing Yang, Zhihui Wang and Xiao Zhang},
	Date-Added = {2017-01-16 14:10:27 +0000},
	Date-Modified = {2017-03-27 14:08:56 +0000},
	Journal = {International Journal of Smart Home},
	Month = {July},
	Number = {7},
	Pages = {161-168},
	Title = {An iBeacon-based Indoor Positioning Systems for Hospitals},
	Volume = {9},
	Year = {2015}
}

@url{ibeacon,
	Author = {ibeaconInsider},
	Date-Added = {2017-01-16 14:09:48 +0000},
	Date-Modified = {2017-04-12 18:16:34 +0000},
	Note = {Last visited on 12-04-2017},
	Title = {What is iBeacon? A guide to beacons},
	Url = {http://www.ibeacon.com/what-is-ibeacon-a-guide-to-beacons/},
	Bdsk-Url-1 = {http://www.ibeacon.com/what-is-ibeacon-a-guide-to-beacons/}}

@inproceedings{bleacc,
  title={An analysis of the accuracy of bluetooth low energy for indoor positioning applications},
  author={Faragher, Ramsey and Harle, Robert},
  booktitle={Proceedings of the 27th International Technical Meeting of The Satellite Division of the Institute of Navigation (ION GNSS+ 2014), Tampa, FL, USA},
  volume={812},
  pages={2},
  year={2014}
}

@url{zonith,
	Author = {Zonith},
	Date-Added = {2017-01-16 14:07:36 +0000},
	Date-Modified = {2017-04-12 18:24:50 +0000},
	Note = {Last visited on 12-04-2017},
	Title = {ZONITH Indoor Positioning Module},
	Url = {http://media.teldio.com/pdfs/Teldio_Indoor%20Positioning%20White%20Paper_v2.1a.pdf},
	Bdsk-Url-1 = {http://media.teldio.com/pdfs/Teldio_Indoor%20Positioning%20White%20Paper_v2.1a.pdf}}

@inproceedings{radar1,
	author={P. Bahl and V. N. Padmanabhan}, 
	booktitle={Proceedings IEEE INFOCOM 2000. Conference on Computer Communications. Nineteenth Annual Joint Conference of the IEEE Computer and Communications Societies (Cat. No.00CH37064)}, 
	title={RADAR: an in-building RF-based user location and tracking system}, 
	year={2000}, 
	volume={2}, 
	pages={775-784 vol.2}, 
	keywords={mobile computing;radio tracking;radiowave propagation;signal processing;wireless LAN;RADAR;RF-based tracking system;in-building tracking system;local-area wireless networks;location-aware systems;mobile computing devices;multiple base stations;overlapping coverage;signal propagation modeling;signal strength processing;user location;Base stations;Computer networks;Global Positioning System;Mobile computing;Radar signal processing;Radar tracking;Radio frequency;Signal processing;Wireless LAN;Wireless networks}, 
	doi={10.1109/INFCOM.2000.832252}, 
	ISSN={0743-166X}, 
	month={}
}

@url{radar,
	Author = {Microsoft},
	Date-Added = {2016-12-14 14:22:33 +0000},
	Date-Modified = {2017-04-12 18:21:40 +0000},
	Note = {Last visited on 12-04-2017},
	Title = {Radar},
	Url = {https://www.microsoft.com/en-us/research/project/radar/},
	Bdsk-Url-1 = {https://www.microsoft.com/en-us/research/project/radar/}}

@article{bat2,
	author = {Addlesee, Mike and Curwen, Rupert and Hodges, Steve and Newman, Joe and Steggles, Pete and Ward, Andy and Hopper, Andy},
	title = {Implementing a Sentient Computing System},
	journal = {Computer},
	issue_date = {August 2001},
	volume = {34},
	number = {8},
	month = aug,
	year = {2001},
	issn = {0018-9162},
	pages = {50--56},
	numpages = {7},
	url = {http://dx.doi.org/10.1109/2.940013},
	doi = {10.1109/2.940013},
	acmid = {621776},
	publisher = {IEEE Computer Society Press},
	address = {Los Alamitos, CA, USA},
} 

@phdthesis{cricket,
	title={The cricket indoor location system},
	author={Priyantha, Nissanka Bodhi},
	year={2005},
	school={Massachusetts Institute of Technology}
}

@article{badge2,
	author={A. Ward and A. Jones and A. Hopper}, 
	journal={IEEE Personal Communications}, 
	title={A new location technique for the active office}, 
	year={1997}, 
	volume={4}, 
	number={5}, 
	pages={42-47}, 
	keywords={building;office automation;office environment;radio direction-finding;radio transmitters;sensors;active office;building;communications systems;computing devices;computing systems;context aware applications;indoor environments;location aware computing;location information;location technique;sensor system;sensor systems;wireless transmitter;Application software;Computer applications;Computerized monitoring;Infrared sensors;Laboratories;Personal digital assistants;Personnel;Pervasive computing;Printers;Sensor phenomena and characterization}, 
	doi={10.1109/98.626982}, 
	ISSN={1070-9916}, 
	month={Oct}
}

@inproceedings{bat1,
	author = {Harter, Andy and Hopper, Andy and Steggles, Pete and Ward, Andy and Webster, Paul},
	title = {The Anatomy of a Context-aware Application},
	booktitle = {Proceedings of the 5th Annual ACM/IEEE International Conference on Mobile Computing and Networking},
	series = {MobiCom '99},
	year = {1999},
	isbn = {1-58113-142-9},
	location = {Seattle, Washington, USA},
	pages = {59--68},
	numpages = {10},
	url = {http://doi.acm.org/10.1145/313451.313476},
	doi = {10.1145/313451.313476},
	acmid = {313476},
	publisher = {ACM},
	address = {New York, NY, USA},
} 

@url{bat,
	Author = {{AT\&T Laboratories Cambridge}},
	Date-Added = {2016-12-14 13:06:14 +0000},
	Date-Modified = {2017-04-12 18:05:20 +0000},
	Note = {Last visited on 12-04-2017},
	Title = {The Bat Ultrasonic Location System},
	Url = {http://www.cl.cam.ac.uk/research/dtg/attarchive/bat/},
	Bdsk-Url-1 = {http://www.cl.cam.ac.uk/research/dtg/attarchive/bat/}}

@article{badge1,
	author = {Want, Roy and Hopper, Andy and Falc\~{a}o, Veronica and Gibbons, Jonathan},
	title = {The Active Badge Location System},
	journal = {ACM Trans. Inf. Syst.},
	issue_date = {Jan. 1992},
	volume = {10},
	number = {1},
	month = jan,
	year = {1992},
	issn = {1046-8188},
	pages = {91--102},
	numpages = {12},
	url = {http://doi.acm.org/10.1145/128756.128759},
	doi = {10.1145/128756.128759},
	acmid = {128759},
	publisher = {ACM},
	address = {New York, NY, USA},
	keywords = {PBX, active badges, location systems, privacy issues, tagging systems},
} 

@url{badge,
	Author = {{AT\&T Laboratories Cambridge}},
	Date-Added = {2016-12-14 13:04:26 +0000},
	Date-Modified = {2017-04-12 18:03:16 +0000},
	Note = {Last visited on 12-04-2017},
	Title = {The Active Badge System},
	Url = {http://www.cl.cam.ac.uk/research/dtg/attarchive/ab.html},
	Bdsk-Url-1 = {http://www.cl.cam.ac.uk/research/dtg/attarchive/ab.html}}

@article{survey1,
	author = {Xiao, Jiang and Zhou, Zimu and Yi, Youwen and Ni, Lionel M.},
	title = {A Survey on Wireless Indoor Localization from the Device Perspective},
	journal = {ACM Comput. Surv.},
	issue_date = {November 2016},
	volume = {49},
	number = {2},
	month = jun,
	year = {2016},
	issn = {0360-0300},
	pages = {25:1--25:31},
	articleno = {25},
	numpages = {31},
	url = {http://doi.acm.org/10.1145/2933232},
	doi = {10.1145/2933232},
	acmid = {2933232},
	publisher = {ACM},
	address = {New York, NY, USA},
	keywords = {Wireless indoor localization, channel state information, device based, device free},
} 

@article{survey2,
  title={A survey of indoor positioning and object locating systems},
  author={Koyuncu, Hakan and Yang, Shuang Hua},
  journal={IJCSNS International Journal of Computer Science and Network Security},
  volume={10},
  number={5},
  pages={121--128},
  year={2010}
}

@article{surveywireless,
	Acmid = {2933232},
	Address = {New York, NY, USA},
	Articleno = {25},
	Author = {Xiao, Jiang and Zhou, Zimu and Yi, Youwen and Ni, Lionel M.},
	Doi = {10.1145/2933232},
	Issn = {0360-0300},
	Issue_Date = {November 2016},
	Journal = {ACM Comput. Surv.},
	Keywords = {Wireless indoor localization, channel state information, device based, device free},
	Month = jun,
	Number = {2},
	Numpages = {31},
	Pages = {25:1--25:31},
	Publisher = {ACM},
	Title = {A Survey on Wireless Indoor Localization from the Device Perspective},
	Url = {http://doi.acm.org/10.1145/2933232},
	Volume = {49},
	Year = {2016}
}

@article{reviewtechniques,
  title={Recent advances in wireless indoor localization techniques and system},
  author={Farid, Zahid and Nordin, Rosdiadee and Ismail, Mahamod},
  journal={Journal of Computer Networks and Communications},
  volume={2013},
  year={2013},
  publisher={Hindawi Publishing Corporation},
}

@techreport{BLECore,
	Date-Added = {2016-10-10 13:35:25 +0000},
	Date-Modified = {2017-04-12 10:24:51 +0000},
	Institution = {{Bluetooth SIG, Inc}},
	Organization = {{Bluetooth SIG}},
	Title = {Specification of the Blutooth System - Core Version 4.2},
	Year = {2014}}
